<mx:record xmlns="http://www.w3.org/TR/xhtml1/strict" xmlns:mx="http://www.loc.gov/MARC21/slim" xmlns:xsi="http://www.w3.org/2001/XMLSchema-instance"><mx:leader>00000cz   2200000n  4500</mx:leader><mx:controlfield tag="001">oca00084016 </mx:controlfield><mx:controlfield tag="005">20021213130931.0</mx:controlfield><mx:controlfield tag="008">800814n| acannaab|          |a aaa      </mx:controlfield><mx:datafield ind1=" " ind2=" " tag="010"><mx:subfield code="a">n  50048960 </mx:subfield><mx:subfield code="z">n 2002114471</mx:subfield></mx:datafield><mx:datafield ind1=" " ind2=" " tag="040"><mx:subfield code="a">DLC</mx:subfield><mx:subfield code="c">DLC</mx:subfield><mx:subfield code="d">CU</mx:subfield><mx:subfield code="d">DLC-R</mx:subfield><mx:subfield code="d">DLC</mx:subfield><mx:subfield code="d">Uk</mx:subfield><mx:subfield code="d">DLC</mx:subfield></mx:datafield><mx:datafield ind1="0" ind2=" " tag="100"><mx:subfield code="a">Petrus Alfonsi,</mx:subfield><mx:subfield code="d">1062-1110?</mx:subfield></mx:datafield><mx:datafield ind1="0" ind2=" " tag="400"><mx:subfield code="a">Pedro Alfonso,</mx:subfield><mx:subfield code="d">1062-1110?</mx:subfield></mx:datafield><mx:datafield ind1="1" ind2=" " tag="400"><mx:subfield code="a">Alfonso, Pedro,</mx:subfield><mx:subfield code="d">1062-1110?</mx:subfield></mx:datafield><mx:datafield ind1="1" ind2=" " tag="400"><mx:subfield code="a">Sefardy, Moysés,</mx:subfield><mx:subfield code="d">1062-1110?</mx:subfield></mx:datafield><mx:datafield ind1="1" ind2=" " tag="400"><mx:subfield code="a">Alfonsi, Petrus,</mx:subfield><mx:subfield code="d">1062-1110?</mx:subfield></mx:datafield><mx:datafield ind1="0" ind2=" " tag="400"><mx:subfield code="a">Peter Alphonse,</mx:subfield><mx:subfield code="d">1062-1110?</mx:subfield></mx:datafield><mx:datafield ind1="1" ind2=" " tag="400"><mx:subfield code="a">Alphonse, Peter,</mx:subfield><mx:subfield code="d">1062-1110?</mx:subfield></mx:datafield><mx:datafield ind1="1" ind2=" " tag="400"><mx:subfield code="a">Sephardi, Moses,</mx:subfield><mx:subfield code="d">1062-1110?</mx:subfield></mx:datafield><mx:datafield ind1="0" ind2=" " tag="400"><mx:subfield code="a">Petrus Alphonsus,</mx:subfield><mx:subfield code="d">1062-1110?</mx:subfield></mx:datafield><mx:datafield ind1="1" ind2=" " tag="400"><mx:subfield code="a">Alphonsus, Petrus,</mx:subfield><mx:subfield code="d">1062-1110?</mx:subfield></mx:datafield><mx:datafield ind1="0" ind2=" " tag="400"><mx:subfield code="a">Petorusu Arufonshi,</mx:subfield><mx:subfield code="d">1062-1110?</mx:subfield></mx:datafield><mx:datafield ind1="1" ind2=" " tag="400"><mx:subfield code="a">Huesca, Pedro Alfonso de,</mx:subfield><mx:subfield code="d">1062-1110?</mx:subfield></mx:datafield><mx:datafield ind1="1" ind2=" " tag="400"><mx:subfield code="a">Sefardí, Mosé,</mx:subfield><mx:subfield code="d">1062-1110?</mx:subfield></mx:datafield><mx:datafield ind1="0" ind2=" " tag="400"><mx:subfield code="a">Moïse,</mx:subfield><mx:subfield code="c">le Séfarade,</mx:subfield><mx:subfield code="d">1062-1110?</mx:subfield></mx:datafield><mx:datafield ind1="0" ind2=" " tag="400"><mx:subfield code="a">Pierre d'Alphonse,</mx:subfield><mx:subfield code="d">1062-1110?</mx:subfield></mx:datafield><mx:datafield ind1="1" ind2=" " tag="400"><mx:subfield code="a">Alphonse, Pierre d',</mx:subfield><mx:subfield code="d">1062-1110?</mx:subfield></mx:datafield><mx:datafield ind1=" " ind2=" " tag="670"><mx:subfield code="a">His Kenja no oshie, 1993:</mx:subfield><mx:subfield code="b">t.p. (Petorusu Arufonshi) introd. (Petrus Alfonsi; b. 1062; d. around 1110)</mx:subfield></mx:datafield><mx:datafield ind1=" " ind2=" " tag="670"><mx:subfield code="a">Diálogo contra los judíos, 1996:</mx:subfield><mx:subfield code="b">t.p. (Pedro Alfonso de Huesca) back flap (Mosé Sefardí)</mx:subfield></mx:datafield><mx:datafield ind1=" " ind2=" " tag="670"><mx:subfield code="a">La discipline de clergie, c2001:</mx:subfield><mx:subfield code="b">t.p. (Moïse le Séfarade, alias Pierre d'Alphonse)</mx:subfield></mx:datafield><mx:datafield ind1=" " ind2=" " tag="999"><mx:subfield code="a">90</mx:subfield></mx:datafield></mx:record>